%% This BibTeX bibliography file was created using BibDesk.
%% http://bibdesk.sourceforge.net/

%% Created for Fred J. Hickernell at 2017-12-01 13:06:37 -0600 


%% Saved with string encoding Unicode (UTF-8) 



@article{ala_augmented_2017,
	Author = {Ala, Guido and Fasshauer, Gregory E. and Francomano, Elisa and McCourt, Michael and Ganci, Salvatore},
	Doi = {10.1016/j.matcom.2016.11.009},
	Journal = {Math. Comput. Simul.},
	Pages = {3--15},
	Title = {An augmented {MFS} approach for brain activity reconstruction},
	Volume = {141},
	Year = {2017},
	Bdsk-Url-1 = {https://dx.doi.org/10.1016/j.matcom.2016.11.009}}

@incollection{mccourt_stable_2017,
	Address = {Birk\"auser},
	Author = {McCourt, Michael and Fasshauer, G. E.},
	Booktitle = {Recent {Applications} of {Harmonic} {Analysis} to {Function} {Spaces}, {Differential} {Equations}, and {Data} {Science}: {Novel} {Methods} in {Harmonic} {Analysis}},
	Editor = {Pesenson, I. and Le Gia, Q.T. and Mayeli, A. and Mhaskar, H. and Zhou, D.-X.},
	Isbn = {978-3-319-55555-3},
	Pages = {917--942},
	Publisher = {Basel},
	Title = {Stable likelihood computation for {Gaussian} random fields},
	Volume = {2},
	Year = {2017}}

@misc{mishra_stable_nodate,
	Author = {Mishra, P. K. and Nath, S. K. and Fasshauer, G. E. and Sen, M. K.},
	Date-Modified = {2017-12-01 04:15:25 +0000},
	Note = {Under revision},
	Title = {A stable kernel-based finite difference method and its application to meshless solution of frequency-domain wave equation},
	Year = {2017+}}

@misc{mishra_hybrid_nodate,
	Author = {Mishra, P. K. and Nath, S. K. and Fasshauer, G. E. and Sen, M. K.},
	Date-Modified = {2017-12-01 04:15:03 +0000},
	Note = {Submitted for publication},
	Title = {Hybrid {Gaussian}-cubic radial basis function for scattered data interpolation},
	Year = {2017+}}

@misc{rashidinia_stable_nodate,
	Author = {Rashidinia, Jalil and Khasi, Manoochehr and Fasshauer, Gregory E.},
	Date-Modified = {2017-12-01 19:06:37 +0000},
	Note = {Under revision},
	Title = {Stable {Gaussian} radial basis functions method for solving nonlinear unsteady convection-diffusion-reaction equations},
	Year = {2017+}}

@article{vu_rbf-fd_nodate,
	Author = {Vu, P.-T. and Vu, L.-A. P and Fasshauer, G. E.},
	Date-Modified = {2017-12-01 19:06:05 +0000},
	Journal = {IET Generation, Transmission \& Distribution},
	Note = {Under revision},
	Title = {The {RBF}-{FD} and {RBF}-{FDTD} methods for modeling time-domain transient voltages of overhead power lines},
	Year = {2017+}}
